% This file was created with JabRef 2.9.2.
% Encoding: UTF8

@ARTICLE{Collobert:2001,
  author = {Collobert, Ronan and Bengio, Samy},
  title = {{SVMTorch}: Support Vector Machines for Large-scale Regression Problems},
  journal = {Journal of Machine Learning Research},
  year = {2001},
  volume = {1},
  pages = {143--160},
  month = sep,
  acmid = {944738},
  doi = {10.1162/15324430152733142},
  issn = {1532-4435},
  issue_date = {9/1/2001},
  numpages = {18},
  publisher = {JMLR.org},
  url = {http://dx.doi.org/10.1162/15324430152733142}
}

@INPROCEEDINGS{Costa:2006,
  author = {Costa, E.O. and Pozo, A.},
  title = {A (mu + lambda) - {GP} Algorithm and its use for Regression Problems},
  booktitle = {Proceedings of the 2006 IEEE International Conference on Tools with
	Artificial Intelligence},
  year = {2006},
  pages = {10-17},
  doi = {10.1109/ICTAI.2006.6},
  issn = {1082-3409},
  keywords = {genetic algorithms;regression analysis;software reliability;binomial-3
	problem;evolution strategies;genetic programming;regression problem;software
	reliability growth;symbolic regression;Application software;Artificial
	intelligence;Computer science;Digital circuits;Evolution (biology);Genetic
	algorithms;Genetic mutations;Genetic programming;Machine learning;Software
	reliability}
}

@ARTICLE{Fraser:1957,
  author = {Alex Fraser},
  title = {Simulation of genetic systems by automatic digital computers. I.
	Introduction},
  journal = {Australian Journal of Biological Science},
  year = {1957},
  volume = {10},
  pages = {484-491},
  priority = {2}
}

@book{Mitchell:1997,
 author = {Thomas M. Mitchell},
 title = {Machine Learning},
 year = {1997},
 isbn = {0070428077, 9780070428072},
 edition = {1},
 publisher = {McGraw-Hill, Inc.},
 address = {New York, NY, USA}
}
